@article{bloemer_2012, 
	title={Turing und Kryptografie}, 
	volume={35}, 
	url={https://link.springer.com/content/pdf/10.1007/s00287-012-0622-7.pdf}, 
	DOI={10.1007/s00287-012-0622-7}, 
	number={4}, 
	journal={Informatik-Spektrum}, 
	author={Blömer, Johannes}, 
	year={2012}, 
	pages={261–270}
}

@misc{oepen_hoefer_2007, 
	title={Die Enigma}, 
	url={https://www2.informatik.hu-berlin.de/~oependox/files/Ausarbeitung-Enigma.pdf}, 
	journal={Humboldt Universität zu Berlin}, 
	publisher={Humboldt Universität zu Berlin}, 
	author={Oepen, Dominik and Höfer, Sebastian}, 
	year={2007}, 
	month={Apr}
}

@misc{simkin_2020, 
	title={Venona Project}, 
	url={https://spartacus-educational.com/Venona.htm}, 
	journal={Spartacus Educational}, 
	publisher={Spartacus Educational}, 
	author={Simkin, John}, 
	year={2020}, 
	month={Jan}
}

@misc{venona_NSA, 
	title={VENONA}, 
	url={https://www.nsa.gov/news-features/declassified-documents/venona/}, 
	journal={Venona Documents}, 
	publisher={National Security Agency Central Security Service (NSA CSS)}
}

@misc{haynes_klehr_1999, 
	title={Venona - Decoding Soviet Espionage in America}, 
	url={https://archive.nytimes.com/www.nytimes.com/books/first/h/haynes-venona.html?_r=1&scp=12&sq=klehr&st=cse}, 
	journal={The New York Times}, 
	publisher={The New York Times}, 
	author={HAYNES, JOHN EARL and KLEHR, HARVEY}, 
	year={1999}
}

@misc{tittel_brendel_gisin_ribordy_zbinden_1999, 
	title={Quantenkryptographie}, 
	url={https://onlinelibrary.wiley.com/doi/epdf/10.1002/phbl.19990550608}, 
	journal={onlinelibrary}, 
	publisher={wiley}, 
	author={Tittel, Wolfgang and Brendel, Jürgen and Gisin, Nicolas and Ribordy, Gregoire and Zbinden, Hugo}, 
	year={1999}
}

@misc{rass_schartner_2002, 
	title={Quantenkryptographie - Überblick und aktuelle entwicklungen}, 
	url={https://link.springer.com/content/pdf/10.1007/s11623-010-0205-1.pdf}, 
	journal={Springer Online}, 
	publisher={Springer Online}, 
	author={Rass, Stefan and Schartner, Peter}, 
	year={2002}
}