@misc{webpage_oord_dieleman_2016, 
    title={WaveNet: A Generative Model for Raw Audio}, 
    url={https://deepmind.com/blog/article/wavenet-generative-model-raw-audio}, 
    journal={Deepmind}, 
    author={van den Oord, AÃ¤ron and Dieleman, Sander}, 
    year={2016}, 
    month={09}
}

@misc{paper_oord_dieleman_2016, 
    title={WaveNet: A Generative Model for Raw Audio}, 
    url={https://arxiv.org/abs/1609.03499}, 
    journal={arXiv.org}, 
    author={Oord, Aaron van den and Dieleman, Sander and Zen, Heiga and Simonyan, Karen and Vinyals, Oriol and Graves, Alex and Kalchbrenner, Nal and Senior, Andrew and Kavukcuoglu, Koray}, 
    year={2016}, 
    month={09}
}

@misc{chen_2017, 
    title={Generating Ambient Noise from WaveNet}, 
    url={https://medium.com/@rachelchen_49210/generating-ambient-noise-from-wavenet-95aa7f0a8f77}, 
    journal={Medium}, 
    publisher={Medium}, 
    author={Chen, Rachel}, 
    year={2017}, 
    month={12}
}